@article{RN138,
   author = {Beal, Craig E. and Brennan, Sean},
   title = {Modeling and friction estimation for automotive steering torque at very low speeds},
   journal = {Vehicle System Dynamics},
   volume = {59},
   number = {3},
   pages = {458-484},
   ISSN = {0042-3114},
   DOI = {10.1080/00423114.2019.1708416},
   url = {https://doi.org/10.1080/00423114.2019.1708416},
   year = {2021},
   type = {Journal Article}
}

@techreport{RN210,
   author = {Chen, Bo-Chiuan and Hsu, Wei-Feng and Huang, Shiuh-Jer},
   title = {Sliding-mode return control of electric power steering},
   institution = {SAE Technical Paper},
   number = {0148-7191},
   year = {2008},
   type = {Report}
}

@article{RN283,
   author = {Franco, Oier and Beudaert, Xavier and Erkorkmaz, Kaan},
   title = {Effect of rack and pinion feed drive control parameters on machine tool dynamics},
   journal = {Journal of Manufacturing and Materials Processing},
   volume = {4},
   number = {2},
   pages = {33},
   ISSN = {2504-4494},
   year = {2020},
   type = {Journal Article}
}

@book{RN259,
   author = {Harrer, Manfred and Pfeffer, Peter},
   title = {Steering handbook},
   publisher = {Springer},
   volume = {163},
   year = {2017},
   type = {Book}
}

@inproceedings{RN265,
   author = {Hu, Chun-hua},
   title = {Modeling and simulation of automotive electric power steering system},
   booktitle = {2008 Second International Symposium on Intelligent Information Technology Application},
   publisher = {IEEE},
   volume = {3},
   pages = {436-439},
   ISBN = {076953497X},
   type = {Conference Proceedings}
}

@inproceedings{RN239,
   author = {Kwon, Hyungju and Itabashi-Campbell, Rachel and McLaughlin, Kevin},
   title = {ISO26262 application to electric steering development with a focus on Hazard Analysis},
   booktitle = {2013 IEEE International Systems Conference (SysCon)},
   publisher = {IEEE},
   pages = {655-661},
   ISBN = {1467331082},
   type = {Conference Proceedings}
}

@article{RN143,
   author = {Ma, Xinlei and Guo, Yongfeng and Chen, Lan},
   title = {Active disturbance rejection control for electric power steering system with assist motor variable mode},
   journal = {Journal of the Franklin Institute},
   volume = {355},
   number = {3},
   pages = {1139-1155},
   ISSN = {0016-0032},
   DOI = {https://doi.org/10.1016/j.jfranklin.2017.12.024},
   url = {https://www.sciencedirect.com/science/article/pii/S0016003218300322},
   year = {2018},
   type = {Journal Article}
}

@book{RN108,
   author = {Marouf, A., Djemai, M., Sentouh, C., . and et al.},
   title = {A new control strategy of an electric-power-assisted steering system},
   publisher = {IEEE Trans. Veh. Technol.},
   volume = {61},
   pages = {3574-3589},
   year = {2012},
   type = {Book}
}

@article{RN237,
   author = {Phan, Nguyen Duy Minh and Tran, Ngo Quoc Huy and Nguyen, Hanh C and Hoang, Thang},
   title = {Design and evaluate controller for power steering system},
   journal = {Tạp chí Khoa học và Công nghệ-Đại học Đà Nẵng},
   pages = {31-35},
   ISSN = {1859-1531},
   year = {2023},
   type = {Journal Article}
}

@article{RN217,
   author = {Wang, X. and Wang, W. and Li, L. and Shi, J. and Xie, B.},
   title = {Adaptive Control of DC Motor Servo System With Application to Vehicle Active Steering},
   journal = {IEEE/ASME Transactions on Mechatronics},
   volume = {24},
   number = {3},
   pages = {1054-1063},
   ISSN = {1941-014X},
   DOI = {10.1109/TMECH.2019.2906250},
   year = {2019},
   type = {Journal Article}
}

@misc{RN184,
   number = {Accessed May 5, 2024},
   ISBN = {ISSN 1345-3041},
   url = {https://www.advance.mitsubishielectric.com/advance/pdf/2003/vol103.pdf#page=2.00},
   year = {2003},
   type = {Web Page}
}

@article{RN31,
   author = {Ataei, Mansour and Khajepour, Amir and Jeon, Soo},
   title = {Model Predictive Control for integrated lateral stability, traction/braking control, and rollover prevention of electric vehicles},
   journal = {Vehicle System Dynamics},
   volume = {58},
   number = {1},
   pages = {49-73},
   ISSN = {0042-3114},
   DOI = {10.1080/00423114.2019.1585557},
   url = {https://doi.org/10.1080/00423114.2019.1585557},
   year = {2020},
   type = {Journal Article}
}

@article{RN140,
   author = {Beal, Craig E.},
   title = {Rapid Road Friction Estimation using Independent Left/Right Steering Torque Measurements},
   journal = {Vehicle System Dynamics},
   volume = {58},
   number = {3},
   pages = {377-403},
   ISSN = {0042-3114},
   DOI = {10.1080/00423114.2019.1580377},
   url = {https://doi.org/10.1080/00423114.2019.1580377},
   year = {2020},
   type = {Journal Article}
}

@article{RN141,
   author = {Beal, Craig E. and Brennan, Sean},
   title = {Friction detection from stationary steering manoeuvres},
   journal = {Vehicle System Dynamics},
   volume = {58},
   number = {11},
   pages = {1736-1765},
   ISSN = {0042-3114},
   DOI = {10.1080/00423114.2019.1645862},
   url = {https://doi.org/10.1080/00423114.2019.1645862},
   year = {2020},
   type = {Journal Article}
}

@article{RN138,
   author = {Beal, Craig E. and Brennan, Sean},
   title = {Modeling and friction estimation for automotive steering torque at very low speeds},
   journal = {Vehicle System Dynamics},
   volume = {59},
   number = {3},
   pages = {458-484},
   ISSN = {0042-3114},
   DOI = {10.1080/00423114.2019.1708416},
   url = {https://doi.org/10.1080/00423114.2019.1708416},
   year = {2021},
   type = {Journal Article}
}

@article{RN135,
   author = {Bredthauer, Lance and Lynch, David},
   title = {Use of Active Rear Steering to Achieve Desired Vehicle Transient Lateral Dynamics},
   DOI = {https://doi.org/10.4271/2018-01-0565},
   url = {https://doi.org/10.4271/2018-01-0565},
   year = {2018},
   type = {Journal Article}
}

@inproceedings{RN207,
   author = {Brennan, S. and Alleyne, A. and DePoorter, M.},
   title = {The Illinois Roadway Simulator-a hardware-in-the-loop testbed for vehicle dynamics and control},
   booktitle = {Proceedings of the 1998 American Control Conference. ACC (IEEE Cat. No.98CH36207)},
   volume = {1},
   pages = {493-497 vol.1},
   ISBN = {0743-1619},
   DOI = {10.1109/ACC.1998.694716},
   type = {Conference Proceedings}
}

@article{RN148,
   author = {Čangoski, Vasko and Ǵurkov, Igor and Danev, Darko and Jordanoska, Vase},
   title = {VEHICLE HANDLING ENHANCEMENT EMPLOYING FOUR-WHEEL INDEPENDENT STEERING SYSTEM USING SLIDING MODE CONTROL},
   year = {2023},
   type = {Journal Article}
}

@techreport{RN210,
   author = {Chen, Bo-Chiuan and Hsu, Wei-Feng and Huang, Shiuh-Jer},
   title = {Sliding-mode return control of electric power steering},
   institution = {SAE Technical Paper},
   number = {0148-7191},
   year = {2008},
   type = {Report}
}

@article{RN163,
   author = {Chen, J. S.},
   title = {Control of Electric Power Steering Systems},
   journal = {SAE Transactions},
   volume = {107},
   pages = {1702-1704},
   ISSN = {0096736X, 25771531},
   url = {http://www.jstor.org/stable/44741110},
   year = {1998},
   type = {Journal Article}
}

@article{RN78,
   author = {Chen, Wen-Hua and Ballance, Donald J. and Gawthrop, Peter J.},
   title = {Optimal control of nonlinear systems: a predictive control approach},
   journal = {Automatica},
   volume = {39},
   number = {4},
   pages = {633-641},
   ISSN = {0005-1098},
   DOI = {https://doi.org/10.1016/S0005-1098(02)00272-8},
   url = {https://www.sciencedirect.com/science/article/pii/S0005109802002728},
   year = {2003},
   type = {Journal Article}
}

@article{RN139,
   author = {Chugh, T. and Bruzelius, F. and Klomp, M. and Shyrokau, B.},
   title = {An approach to develop haptic feedback control reference for steering systems using open-loop driving manoeuvres},
   journal = {Vehicle System Dynamics},
   volume = {58},
   number = {12},
   pages = {1953-1976},
   ISSN = {0042-3114},
   DOI = {10.1080/00423114.2019.1662923},
   url = {https://doi.org/10.1080/00423114.2019.1662923},
   year = {2020},
   type = {Journal Article}
}

@article{RN209,
   author = {Chung, Yi and Yang, Yee-Pien},
   title = {Hardware-in-the-loop simulation of self-driving electric vehicles by dynamic path planning and model predictive control},
   journal = {Electronics},
   volume = {10},
   number = {19},
   pages = {2447},
   ISSN = {2079-9292},
   year = {2021},
   type = {Journal Article}
}

@misc{RN181,
   number = {Accessed May 5, 2024},
   url = {https://faq.out-club.ru/download/outlander-III/maintenance/Service_Manual_2013/img/37/ACB05508AB00ENG.pdf},
   year = {2013},
   type = {Web Page}
}

@article{RN71,
   author = {Deng, Bin and Zhao, Han and Shao, Ke and Li, Weihan and Yin, Andong},
   title = {Hierarchical Synchronization Control Strategy of Active Rear Axle Independent Steering System},
   journal = {Applied Sciences},
   volume = {10},
   number = {10},
   pages = {3537},
   ISSN = {2076-3417},
   url = {https://www.mdpi.com/2076-3417/10/10/3537},
   year = {2020},
   type = {Journal Article}
}

@misc{RN235,
   type = {Web Page}
}

@book{RN194,
   author = {Discoveries, Engineering},
   title = {How Power Steering System Works?},
   url = {https://engineeringdiscoveries.com/how-power-steering-system-works/},
   year = {2024},
   type = {Book}
}

@article{RN186,
   author = {Dugoff, Howard and Fancher, P. S. and Segel, Leonard},
   title = {An Analysis of Tire Traction Properties and Their Influence on Vehicle Dynamic Performance},
   journal = {SAE Transactions},
   volume = {79},
   pages = {1219-1243},
   ISSN = {0096736X, 25771531},
   url = {http://www.jstor.org/stable/44644491},
   year = {1970},
   type = {Journal Article}
}

@article{RN164,
   author = {Fahami, Sheikh Muhammad Hafiz and Zamzuri, Hairi and Mazlan, Saiful Amri},
   title = {Development of Estimation Force Feedback Torque Control Algorithm for Driver Steering Feel in Vehicle Steer by Wire System: Hardware in the Loop},
   journal = {International Journal of Vehicular Technology},
   volume = {2015},
   pages = {314597},
   ISSN = {1687-5702},
   DOI = {10.1155/2015/314597},
   url = {https://doi.org/10.1155/2015/314597},
   year = {2015},
   type = {Journal Article}
}

@article{RN144,
   author = {Fan, Xiaobin and Zhao, Zixiang},
   title = {Vehicle dynamics modeling and electronic stability program/active front steering sliding mode integrated control},
   journal = {Asian Journal of Control},
   volume = {21},
   number = {5},
   pages = {2364-2377},
   ISSN = {1561-8625},
   year = {2019},
   type = {Journal Article}
}

@inbook{RN243,
   author = {Gaedke, Alexander and Heger, Markus and Sprinzl, Michael and Grüner, Stefan and Vähning, Alexander},
   title = {Electric Power Steering Systems},
   booktitle = {Steering Handbook},
   editor = {Harrer, Manfred and Pfeffer, Peter},
   publisher = {Springer International Publishing},
   address = {Cham},
   pages = {403-467},
   ISBN = {978-3-319-05449-0},
   DOI = {10.1007/978-3-319-05449-0_15},
   url = {https://doi.org/10.1007/978-3-319-05449-0_15},
   year = {2017},
   type = {Book Section}
}

@book{RN158,
   author = {Garrett, T. K.},
   title = {The Motor Vehicle},
   publisher = {Butterworth-Heinemann},
   edition = {13th},
   ISBN = {0750644494,9780750644495,0768006392,9780768006391},
   url = {http://gen.lib.rus.ec/book/index.php?md5=1c061da5d6fbf1a0c5c5580fb6bae814},
   year = {2000},
   type = {Book}
}

@misc{RN279,
   number = {July 15, 2024},
   month = {December 15, 2024},
   url = {https://thereviewstories.com/electric-power-steering-vs-hydraulic-power-steering/},
   type = {Web Page}
}

@article{RN30,
   author = {Hang, Peng and Chen, Xinbo},
   title = {Towards Active Safety Driving: Controller Design of an Active Rear Steering System for Intelligent Vehicles},
   journal = {Machines},
   volume = {10},
   number = {7},
   pages = {544},
   ISSN = {2075-1702},
   url = {https://www.mdpi.com/2075-1702/10/7/544},
   year = {2022},
   type = {Journal Article}
}

@article{RN136,
   author = {He, Xiangkun and Liu, Yulong and Lv, Chen and Ji, Xuewu and Liu, Yahui},
   title = {Emergency steering control of autonomous vehicle for collision avoidance and stabilisation},
   journal = {Vehicle System Dynamics},
   volume = {57},
   number = {8},
   pages = {1163-1187},
   ISSN = {0042-3114},
   DOI = {10.1080/00423114.2018.1537494},
   url = {https://doi.org/10.1080/00423114.2018.1537494},
   year = {2019},
   type = {Journal Article}
}

@article{RN216,
   author = {Heinrich, Felix and Kaste, Jonas and Kabil, Sevsel Gamze and Sanne, Michael and Küçükay, Ferit and Henze, Roman and Axmann, Joachim},
   title = {Methods for modeling the steering wheel torque of a steer-by-wire vehicle},
   journal = {Automotive and Engine Technology},
   volume = {7},
   number = {1},
   pages = {53-64},
   ISSN = {2365-5135},
   DOI = {10.1007/s41104-021-00093-2},
   url = {https://doi.org/10.1007/s41104-021-00093-2},
   year = {2022},
   type = {Journal Article}
}

@inproceedings{RN246,
   author = {Hiremath, Rahul R and Isha, TB},
   title = {Modelling and simulation of electric power steering system using permanent magnet synchronous motor},
   booktitle = {IOP Conference Series: Materials Science and Engineering},
   publisher = {IOP Publishing},
   volume = {561},
   pages = {012124},
   ISBN = {1757-899X},
   type = {Conference Proceedings}
}

@inproceedings{RN120,
   author = {Học, Khoa and Tấn, Vũ Văn and Đức, Mai Văn and Huy, Đặng Đình and Tú, Đỗ Trọng},
   title = {THIẾT KẾ BỘ ĐIỀU KHIỂN TỐI ƯU CHO HỆ THỐNG LÁI TRỢ LỰC ĐIỆN DẠNG C-EPS TRÊN Ô TÔ CON OPTIMIZED CONTROLLER DESIGN FOR A C-EPS ELECTRIC POWER STEERING SYSTEM IN CARS},
   type = {Conference Proceedings}
}

@techreport{RN238,
   author = {Jacob, Paravila O},
   title = {Design & safety considerations for electrical power steering (EPS) systems based on automotive safety integrity levels},
   institution = {SAE Technical Paper},
   number = {0148-7191},
   year = {2010},
   type = {Report}
}

@inproceedings{RN121,
   author = {Ji, X. and Ge, J. and Tian, H.},
   title = {Reliability improvement of electric power steering system based on ISO 26262},
   booktitle = {2013 International Conference on Quality, Reliability, Risk, Maintenance, and Safety Engineering (QR2MSE)},
   pages = {125-129},
   DOI = {10.1109/QR2MSE.2013.6625550},
   type = {Conference Proceedings}
}

@article{RN156,
   author = {Jiang, Y. and Deng, W. and Wu, J. and Zhang, S. and Jiang, H.},
   title = {Adaptive Steering Feedback Torque Design and Control for Driver–Vehicle System Considering Driver Handling Properties},
   journal = {IEEE Transactions on Vehicular Technology},
   volume = {68},
   number = {6},
   pages = {5391-5406},
   ISSN = {1939-9359},
   DOI = {10.1109/TVT.2019.2908987},
   year = {2019},
   type = {Journal Article}
}

@book{RN189,
   author = {Jinkun Liu, Xinhua Wang},
   title = {Advanced Sliding Mode Control for Mechanical Systems: Design, Analysis and MATLAB Simulation},
   publisher = {Springer},
   edition = {2012},
   ISBN = {3642209068,9783642209062},
   url = {http://gen.lib.rus.ec/book/index.php?md5=2b5943ee110b58a1d09db58dbc3b596e},
   year = {2012},
   type = {Book}
}

@book{RN159,
   author = {Jornsen Reimpell, Helmut Stoll Jurgen W. Betzler Society of Automotive Engineers},
   title = {The Automotive Chassis: Engineering Principles},
   publisher = {SAE International},
   edition = {2},
   ISBN = {9780768006575,0768006570,0750650540,9780750650540},
   url = {http://gen.lib.rus.ec/book/index.php?md5=23e8531edd7007752ffc47d401fa7759},
   year = {2001},
   type = {Book}
}

@article{RN212,
   author = {Jung, Daeyi},
   title = {A minimally configured hardware-in-the-loop simulator of electrical power steering system for human driver interaction on crosswind effect},
   journal = {IEEE Access},
   volume = {9},
   pages = {60470-60481},
   ISSN = {2169-3536},
   year = {2021},
   type = {Journal Article}
}

@article{RN67,
   author = {Katzourakis, Diomidis},
   title = {Driver Steering Support Interfaces Near the Vehicle’s Handling Limits},
   year = {2023},
   type = {Journal Article}
}

@book{RN75,
   author = {Katzourakis, Diomidis and Olsson, Claes and Lazic, Nenad and Lidberg, Mathias},
   title = {Driver Steering Override Strategies for Steering Based Active Safety Systems},
   year = {2013},
   type = {Book}
}

@article{RN117,
   author = {Kim, Ji-Hoon and Song, Jae-Bok},
   title = {Control logic for an electric power steering system using assist motor},
   journal = {Mechatronics},
   volume = {12},
   number = {3},
   pages = {447-459},
   ISSN = {0957-4158},
   DOI = {https://doi.org/10.1016/S0957-4158(01)00004-6},
   url = {https://www.sciencedirect.com/science/article/pii/S0957415801000046},
   year = {2002},
   type = {Journal Article}
}

@article{RN155,
   author = {Kong, Dexin and Huang, Qingjiu},
   title = {Impedance Force Control of Manipulator Based on Variable Universe Fuzzy Control},
   journal = {Actuators},
   volume = {12},
   number = {8},
   pages = {305},
   ISSN = {2076-0825},
   url = {https://www.mdpi.com/2076-0825/12/8/305},
   year = {2023},
   type = {Journal Article}
}

@inproceedings{RN242,
   author = {Kuebler, Eberhard and Eickhoff, Mathias and Budaker, Martin},
   title = {Electric power steering systems: Market requirements and application range with special focus on column-EPS},
   booktitle = {Proceedings of the FISITA 2012 World Automotive Congress: Volume 10: Chassis Systems and Integration Technology},
   publisher = {Springer},
   pages = {267-279},
   ISBN = {3642337945},
   type = {Conference Proceedings}
}

@inproceedings{RN239,
   author = {Kwon, Hyungju and Itabashi-Campbell, Rachel and McLaughlin, Kevin},
   title = {ISO26262 application to electric steering development with a focus on Hazard Analysis},
   booktitle = {2013 IEEE International Systems Conference (SysCon)},
   publisher = {IEEE},
   pages = {655-661},
   ISBN = {1467331082},
   type = {Conference Proceedings}
}

@article{RN142,
   author = {Lee, Dongpil and Yi, Kyongsu and Chang, Sehyun and Lee, Byungrim and Jang, Bongchoon},
   title = {Robust steering-assist torque control of electric-power-assisted-steering systems for target steering wheel torque tracking},
   journal = {Mechatronics},
   volume = {49},
   pages = {157-167},
   ISSN = {0957-4158},
   DOI = {https://doi.org/10.1016/j.mechatronics.2017.12.007},
   url = {https://www.sciencedirect.com/science/article/pii/S0957415817301848},
   year = {2018},
   type = {Journal Article}
}

@article{RN249,
   author = {Lee, Junho and Chang, Hyuk‐Jun and Ahn, Hyun‐Sik},
   title = {Explicit MPC for column‐type EPS systems},
   journal = {IET Electric Power Applications},
   volume = {14},
   number = {1},
   pages = {91-100},
   ISSN = {1751-8660},
   year = {2020},
   type = {Journal Article}
}

@article{RN168,
   author = {Li, X. and Zhao, X. P. and Chen, J.},
   title = {Sliding mode control for torque ripple reduction of an electric power steering system based on a reference model},
   journal = {Proceedings of the Institution of Mechanical Engineers, Part D: Journal of Automobile Engineering},
   volume = {222},
   number = {12},
   pages = {2283-2290},
   DOI = {10.1243/09544070JAUTO926},
   year = {2008},
   type = {Journal Article}
}

@article{RN202,
   author = {Li, Yong and Deng, Huifan and Xu, Xing and Wang, Wujie},
   title = {Modelling and testing of in-wheel motor drive intelligent electric vehicles based on co-simulation with Carsim/Simulink},
   journal = {IET Intelligent Transport Systems},
   volume = {13},
   number = {1},
   pages = {115-123},
   ISSN = {1751-956X},
   DOI = {https://doi.org/10.1049/iet-its.2018.5047},
   url = {https://ietresearch.onlinelibrary.wiley.com/doi/abs/10.1049/iet-its.2018.5047},
   year = {2019},
   type = {Journal Article}
}

@article{RN188,
   author = {Liao, Y Gene and Du, H Isaac},
   title = {Modelling and analysis of electric power steering system and its effect on vehicle dynamic behaviour},
   journal = {International journal of vehicle autonomous systems},
   volume = {1},
   number = {2},
   pages = {153-166},
   ISSN = {1471-0226},
   year = {2003},
   type = {Journal Article}
}

@article{RN143,
   author = {Ma, Xinlei and Guo, Yongfeng and Chen, Lan},
   title = {Active disturbance rejection control for electric power steering system with assist motor variable mode},
   journal = {Journal of the Franklin Institute},
   volume = {355},
   number = {3},
   pages = {1139-1155},
   ISSN = {0016-0032},
   DOI = {https://doi.org/10.1016/j.jfranklin.2017.12.024},
   url = {https://www.sciencedirect.com/science/article/pii/S0016003218300322},
   year = {2018},
   type = {Journal Article}
}

@inproceedings{RN240,
   author = {Marouf, Alaa and Sentouh, Chouki and Djemai, Mohamed and Pudlo, Philippe},
   title = {Control of an electric power assisted steering system using reference model},
   booktitle = {2011 50th IEEE Conference on Decision and Control and European Control Conference},
   publisher = {IEEE},
   pages = {6684-6690},
   ISBN = {161284801X},
   type = {Conference Proceedings}
}

@article{RN214,
   author = {Mashadi, Behrooz and Majidi, Majid},
   title = {Global optimal path planning of an autonomous vehicle for overtaking a moving obstacle},
   journal = {Latin American Journal of Solids and Structures},
   volume = {11},
   DOI = {10.1590/S1679-78252014001400002},
   year = {2014},
   type = {Journal Article}
}

@misc{RN203,
   number = {13.05.2024},
   url = {https://logos-world.net/matlab-logo/},
   year = {2024},
   type = {Web Page}
}

@article{RN170,
   author = {Matsuoka, H},
   title = {Development and future outlook of steering systems},
   journal = {JTEKT Engineering Journal},
   number = {1013E},
   pages = {8},
   year = {2016},
   type = {Journal Article}
}

@article{RN200,
   author = {Mihalič, Franc and Truntič, Mitja and Hren, Alenka},
   title = {Hardware-in-the-Loop Simulations: A Historical Overview of Engineering Challenges},
   journal = {Electronics},
   volume = {11},
   number = {15},
   pages = {2462},
   ISSN = {2079-9292},
   url = {https://www.mdpi.com/2079-9292/11/15/2462},
   year = {2022},
   type = {Journal Article}
}

@inproceedings{RN165,
   author = {Min Wan, Choi and Park, J. S. and Bong Soo, Lee and Man Hyung, Lee},
   title = {The performance of independent wheels steering vehicle(4WS) applied Ackerman geometry},
   booktitle = {2008 International Conference on Control, Automation and Systems},
   pages = {197-202},
   DOI = {10.1109/ICCAS.2008.4694549},
   type = {Conference Proceedings}
}

@article{RN205,
   author = {Mocera, Francesco},
   title = {Study of a Hardware-In-the-Loop bench for an electrified working vehicle},
   journal = {Procedia Structural Integrity},
   volume = {24},
   pages = {712-723},
   DOI = {10.1016/j.prostr.2020.02.063},
   year = {2019},
   type = {Journal Article}
}

@article{RN169,
   author = {Nakayama, T and Suda, E},
   title = {The present and future of electric power steering},
   journal = {International Journal of Vehicle Design},
   volume = {15},
   number = {3-5},
   pages = {243-254},
   ISSN = {0143-3369},
   year = {1994},
   type = {Journal Article}
}

@book{RN196,
   author = {Nam, VUSTA Việt},
   title = {Quy hoạch tổng thể phát triển giao thông vận tải đường bộ Việt Nam những thách thức tương lai},
   url = {https://vusta.vn/quy-hoach-tong-the-phat-trien-giao-thong-van-tai-duong-bo-viet-nam-nhung-thach-thuc-tuong-lai-p73513.html},
   year = {2024},
   type = {Book}
}

@inproceedings{RN245,
   author = {Nazaruddin, N and Zainuri, F and Siregar, Rolan and Heryana, G and Adhitya, M and Sumarsono, DA},
   title = {Electric power steering: an overview of dynamics equation and how it’s developed for large vehicle},
   booktitle = {IOP Conference Series: Materials Science and Engineering},
   publisher = {IOP Publishing},
   volume = {673},
   pages = {012112},
   ISBN = {1757-899X},
   type = {Conference Proceedings}
}

@book{RN197,
   author = {NỘI, GIAO THÔNG HÀ},
   title = {Quy hoạch, kết cấu hạ tầng giao thông: Yếu kém từ quản lý},
   url = {https://giaothonghanoi.kinhtedothi.vn/dau-tu-phat-trien/quy-hoach-ket-cau-ha-tang-giao-thong-yeu-kem-tu-quan-ly-9093.html},
   year = {2024},
   type = {Book}
}

@article{RN149,
   author = {Norouzi, Armin and Kazemi, Reza and Azadi, Shahram},
   title = {Vehicle lateral control in the presence of uncertainty for lane change maneuver using adaptive sliding mode control with fuzzy boundary layer},
   journal = {Proceedings of the Institution of Mechanical Engineers, Part I: Journal of Systems and Control Engineering},
   volume = {232},
   number = {1},
   pages = {12-28},
   DOI = {10.1177/0959651817733222},
   url = {https://journals.sagepub.com/doi/abs/10.1177/0959651817733222},
   year = {2018},
   type = {Journal Article}
}

@misc{RN215,
   number = {17.05.2024},
   url = {https://www.youtube.com/watch?v=EPy6ZHKzcRc},
   type = {Web Page}
}

@inproceedings{RN161,
   author = {Park, J. I. and Jeon, K. and Yi, K.},
   title = {The development of optimum control strategy for hybrid EPS system using Taguchi Method},
   booktitle = {2015 IEEE Intelligent Vehicles Symposium (IV)},
   pages = {761-766},
   ISBN = {1931-0587},
   DOI = {10.1109/IVS.2015.7225776},
   type = {Conference Proceedings}
}

@article{RN182,
   author = {Parmar, M. and Hung, J. Y.},
   title = {A sensorless optimal control system for an automotive electric power assist steering system},
   journal = {IEEE Transactions on Industrial Electronics},
   volume = {51},
   number = {2},
   pages = {290-298},
   ISSN = {1557-9948},
   DOI = {10.1109/TIE.2004.824847},
   year = {2004},
   type = {Journal Article}
}

@article{RN247,
   author = {Parmar, Manu and Hung, John Y},
   title = {A sensorless optimal control system for an automotive electric power assist steering system},
   journal = {IEEE Transactions on industrial electronics},
   volume = {51},
   number = {2},
   pages = {290-298},
   ISSN = {0278-0046},
   year = {2004},
   type = {Journal Article}
}

@misc{RN278,
   number = {07.07.2024},
   url = {https://www.newkidscar.com/steering/steering-system-construction/},
   type = {Web Page}
}

@article{RN248,
   author = {Peng, Jiankun and He, Hongwen and Feng, Nenglian},
   title = {Simulation research on an electric vehicle chassis system based on a collaborative control system},
   journal = {Energies},
   volume = {6},
   number = {1},
   pages = {312-328},
   ISSN = {1996-1073},
   year = {2013},
   type = {Journal Article}
}

@article{RN237,
   author = {Phan, Nguyen Duy Minh and Tran, Ngo Quoc Huy and Nguyen, Hanh C and Hoang, Thang},
   title = {Design and evaluate controller for power steering system},
   journal = {Tạp chí Khoa học và Công nghệ-Đại học Đà Nẵng},
   pages = {31-35},
   ISSN = {1859-1531},
   year = {2023},
   type = {Journal Article}
}

@article{RN236,
   author = {Proca, Amuliu Bogdan and Keyhani, Ali},
   title = {Identification of power steering system dynamic models},
   journal = {Mechatronics},
   volume = {8},
   number = {3},
   pages = {255-270},
   ISSN = {0957-4158},
   year = {1998},
   type = {Journal Article}
}

@misc{RN206,
   number = {13.05.2024},
   url = {https://www.youtube.com/watch?v=eqpplT2IM88},
   year = {2024},
   type = {Web Page}
}

@article{RN201,
   author = {S. Samiee, A. Nahvi S. Azadi R. Kazemi A. R. Hatamian Haghighi and Ashouri, M. R.},
   title = {The effect of torque feedback exerted to driver's hands on vehicle handling – a hardware-in-the-loop approach},
   journal = {Systems Science \& Control Engineering},
   volume = {3},
   number = {1},
   pages = {129--141},
   DOI = {10.1080/21642583.2014.996918},
   year = {2015},
   type = {Journal Article}
}

@article{RN151,
   author = {Shao, Ke and Zheng, Jinchuan and Huang, Kang},
   title = {Robust active steering control for vehicle rollover prevention},
   journal = {International Journal of Modelling, Identification and Control},
   volume = {32},
   number = {1},
   pages = {70-84},
   ISSN = {1746-6172},
   year = {2019},
   type = {Journal Article}
}

@article{RN208,
   author = {Short, Michael and Pont, Michael J.},
   title = {Assessment of high-integrity embedded automotive control systems using hardware in the loop simulation},
   journal = {Journal of Systems and Software},
   volume = {81},
   number = {7},
   pages = {1163-1183},
   ISSN = {0164-1212},
   DOI = {https://doi.org/10.1016/j.jss.2007.08.026},
   url = {https://www.sciencedirect.com/science/article/pii/S0164121207002117},
   year = {2008},
   type = {Journal Article}
}

@misc{RN204,
   number = {13.05.2024},
   url = {https://www.carsim.com/products/carsim/index.php},
   year = {2024},
   type = {Web Page}
}

@article{RN131,
   author = {Tấn, V. V. and Huy, Đ D.},
   title = {Khảo sát ảnh hưởng của các thông số kết cấu đến đặc tính của hệ thống lái trợ lực điện trên ô tô con dạng C-EPS},
   journal = {Journal of SCIENCE & TECHNOLOGY},
   volume = {59},
   number = {1},
   pages = {67},
   year = {2023},
   type = {Journal Article}
}

@book{RN199,
   author = {Thomas, D. Gillespie},
   title = {Fundamentals of vehicle dynamics},
   publisher = {Society of Automotive Engineers},
   series = {Electronic publications},
   ISBN = {9780768023336,0768023335},
   url = {http://gen.lib.rus.ec/book/index.php?md5=ECB320E8268AC0198DF5823E34A8BDE6},
   year = {1992},
   type = {Book}
}

@book{RN195,
   author = {Thorat, Sachin},
   title = {Rack and Pinion Steering – Working, Diagram, Advantages, Applications},
   url = {https://learnmech.com/rack-and-pinion-steering-syste/},
   year = {2024},
   type = {Book}
}

@article{RN152,
   author = {Tian, Jie and Tong, Jun and Luo, Shi},
   title = {Differential Steering Control of Four-Wheel Independent-Drive Electric Vehicles},
   journal = {Energies},
   volume = {11},
   number = {11},
   pages = {2892},
   ISSN = {1996-1073},
   url = {https://www.mdpi.com/1996-1073/11/11/2892},
   year = {2018},
   type = {Journal Article}
}

@article{RN282,
   author = {Tigadi, Arun and Khadabadi, Meghana},
   title = {STUDY ON THE FUTURE OF ELECTRIC AND AUTONOMOUS TRUCKS IN LOGISTICS INDUSTRY},
   volume = {10},
   pages = {472-475},
   year = {2023},
   type = {Journal Article}
}

@article{RN211,
   author = {Vũ, Nguyễn},
   title = {Chế Độ Trượt Trong Các Hệ Thống Điều Khiển},
   journal = {Tạp chí Nghiên cứu KH&CN Quân Sự},
   volume = {31},
   year = {2014},
   type = {Journal Article}
}

@book{RN198,
   author = {Wilfrid, Perruquetti},
   title = {Sliding mode control in engineering},
   publisher = {M. Dekker},
   edition = {1st},
   series = {Control engineering 11},
   ISBN = {0824706714,9780824706715},
   url = {http://gen.lib.rus.ec/book/index.php?md5=e89a9ee9476f6771e26a4b6f1fd14de9},
   year = {2002},
   type = {Book}
}

@misc{RN280,
   number = {July 15, 2024},
   month = {Feb 28, 2016},
   url = {https://www.allinallnews.com/vehicles/normal-vs-power-steering},
   type = {Web Page}
}

@phdthesis{RN150,
   author = {Yamamoto, Kazusa},
   title = {Control of electromechanical systems, application on electric power steering systems
Contrôle commande des systèmes électromécaniques, application aux systèmes de directions assistées électriques},
   university = {Université Grenoble Alpes},
   url = {https://theses.hal.science/tel-01730404},
   year = {2017},
   type = {Thesis}
}

@article{RN166,
   author = {Zarak, C. E. and Townsend, M. A.},
   title = {Optimal Design of Rack-and-Pinion Steering Linkages},
   journal = {Journal of Mechanisms, Transmissions, and Automation in Design},
   volume = {105},
   number = {2},
   pages = {220-226},
   ISSN = {0738-0666},
   DOI = {10.1115/1.3258512},
   url = {https://doi.org/10.1115/1.3258512},
   year = {1983},
   type = {Journal Article}
}

@article{RN145,
   author = {Zhang, C. and Gao, P. and Wang, J. and Dang, M. and Yang, X. and Feng, Y.},
   title = {Research on Active Rear-Wheel Steering Control Method With Sliding Mode Control Optimized by Model Predictive},
   journal = {IEEE Access},
   volume = {11},
   pages = {57228-57239},
   ISSN = {2169-3536},
   DOI = {10.1109/ACCESS.2023.3283330},
   year = {2023},
   type = {Journal Article}
}

@article{RN146,
   author = {Zhang, J. and Wang, H. and Ma, M. and Yu, M. and Yazdani, A. and Chen, L.},
   title = {Active Front Steering-Based Electronic Stability Control for Steer-by-Wire Vehicles via Terminal Sliding Mode and Extreme Learning Machine},
   journal = {IEEE Transactions on Vehicular Technology},
   volume = {69},
   number = {12},
   pages = {14713-14726},
   ISSN = {1939-9359},
   DOI = {10.1109/TVT.2020.3036400},
   year = {2020},
   type = {Journal Article}
}

@misc{RN134,
   DOI= {https://doi.org/10.4271/2018-01-1593},
   url = {https://doi.org/10.4271/2018-01-1593},
   year = {2018},
   type = {Conference Paper}
}

@article{RN157,
   author = {Zhang, L. and Ding, H. and Shi, J. and Huang, Y. and Chen, H. and Guo, K. and Li, Q.},
   title = {An Adaptive Backstepping Sliding Mode Controller to Improve Vehicle Maneuverability and Stability via Torque Vectoring Control},
   journal = {IEEE Transactions on Vehicular Technology},
   volume = {69},
   number = {3},
   pages = {2598-2612},
   ISSN = {1939-9359},
   DOI = {10.1109/TVT.2019.2950219},
   year = {2020},
   type = {Journal Article}
}

@book{RN167,
   author = {Zhang, Shaoyun and Wang, Yi},
   title = {Study of Electric Power Steering System},
   DOI = {10.2991/csic-15.2015.77},
   year = {2015},
   type = {Book}
}

@article{RN241,
   author = {Zhao, X and Shi, X and Chen, J and Li, X},
   title = {Dynamic correction of the steering-characteristic curve and application to an EPS control system},
   journal = {International journal of automotive technology},
   volume = {12},
   pages = {243-249},
   ISSN = {1229-9138},
   year = {2011},
   type = {Journal Article}
}

@techreport{RN213,
   author = {Zheng, Hongyu and Zhao, Mingxin},
   title = {Development a HIL test bench for electrically controlled steering system},
   institution = {SAE Technical Paper},
   number = {0148-7191},
   year = {2016},
   type = {Report}
}

@article{RN70,
   author = {Zhou, X. and Jiang, H. and Li, A. and Ma, S.},
   title = {A New Single Point Preview-Based Human-Like Driver Model on Urban Curved Roads},
   journal = {IEEE Access},
   volume = {8},
   pages = {107452-107464},
   ISSN = {2169-3536},
   DOI = {10.1109/ACCESS.2020.3001208},
   year = {2020},
   type = {Journal Article}
}


